% -- PRIMITIVES -- %
@article{fischler1981,
  title={Random sample consensus: a paradigm for model fitting with applications to image analysis and automated cartography},
  author={Fischler, Martin A and Bolles, Robert C},
  journal={Communications of the ACM},
  volume={24},
  number={6},
  pages={381--395},
  year={1981},
  publisher={ACM New York, NY, USA}
}


@inproceedings{ester1996,
  title={A density-based algorithm for discovering clusters in large spatial databases with noise},
  author={Ester, Martin and Kriegel, Hans-Peter and Sander, J{\"o}rg and Xu, Xiaowei and others},
  booktitle={kdd},
  volume={96},
  number={34},
  pages={226--231},
  year={1996}
}

% vaymo data set
% citations: 2570
@inproceedings{sun2020WOD,
  title={Scalability in perception for autonomous driving: Waymo open dataset},
  author={Sun, Pei and Kretzschmar, Henrik and Dotiwalla, Xerxes and Chouard, Aurelien and Patnaik, Vijaysai and Tsui, Paul and Guo, James and Zhou, Yin and Chai, Yuning and Caine, Benjamin and others},
  booktitle={Proceedings of the IEEE/CVF conference on computer vision and pattern recognition},
  pages={2446--2454},
  year={2020}
}

% --- other appraoches - maybe include --- %
@inproceedings{premebida2009,
  title={Exploiting LIDAR-based features on pedestrian detection in urban scenarios},
  author={Premebida, Cristiano and Ludwig, Oswaldo and Nunes, Urbano},
  booktitle={2009 12th International IEEE Conference on Intelligent Transportation Systems},
  pages={1--6},
  year={2009},
  organization={IEEE}
}

@article{xiao2016,
  title={Simultaneous detection and tracking of pedestrian from velodyne laser scanning data},
  author={Xiao, Wen and Vallet, Bruno and Schindler, Konrad and Paparoditis, Nicolas},
  journal={ISPRS Annals of the Photogrammetry, Remote Sensing and Spatial Information Sciences},
  volume={3},
  pages={295--302},
  year={2016},
  publisher={Copernicus}
}

% citations: 115
@inproceedings{zhang2014,
  title={Vehicle detection based on LiDAR and camera fusion},
  author={Zhang, Feihu and Clarke, Daniel and Knoll, Alois},
  booktitle={17th International IEEE Conference on Intelligent Transportation Systems (ITSC)},
  pages={1620--1625},
  year={2014},
  organization={IEEE}
}

% citations: 540
@inproceedings{wang2019frustum,
  title={Frustum convnet: Sliding frustums to aggregate local point-wise features for amodal 3d object detection},
  author={Wang, Zhixin and Jia, Kui},
  booktitle={2019 IEEE/RSJ International Conference on Intelligent Robots and Systems (IROS)},
  pages={1742--1749},
  year={2019},
  organization={IEEE}
}

% --- maybe include --- %
@inproceedings{szarvas2006,
  title={Real-time pedestrian detection using LIDAR and convolutional neural networks},
  author={Szarvas, Mate and Sakai, Utsushi and Ogata, Jun},
  booktitle={2006 IEEE Intelligent Vehicles Symposium},
  pages={213--218},
  year={2006},
  organization={IEEE}
}

@inproceedings{kidono2011,
  title={Pedestrian recognition using high-definition LIDAR},
  author={Kidono, Kiyosumi and Miyasaka, Takeo and Watanabe, Akihiro and Naito, Takashi and Miura, Jun},
  booktitle={2011 IEEE Intelligent Vehicles Symposium (IV)},
  pages={405--410},
  year={2011},
  organization={IEEE}
}

% citations: 116
@inproceedings{asvadi2017,
  title={DepthCN: Vehicle detection using 3D-LIDAR and ConvNet},
  author={Asvadi, Alireza and Garrote, Luis and Premebida, Cristiano and Peixoto, Paulo and Nunes, Urbano J},
  booktitle={2017 IEEE 20th international conference on intelligent transportation systems (ITSC)},
  pages={1--6},
  year={2017},
  organization={IEEE}
}

% citations: 14
@inproceedings{lin2018,
  title={Vehicle and pedestrian recognition using multilayer lidar based on support vector machine},
  author={Lin, Zhenyu and Hashimoto, Masafumi and Takigawa, Kenta and Takahashi, Kazuhiko},
  booktitle={2018 25th International Conference on Mechatronics and Machine Vision in Practice (M2VIP)},
  pages={1--6},
  year={2018},
  organization={IEEE}
}

% citations: 6
@article{javanmardi2019,
  title={Automated traffic sign and light pole detection in mobile LiDAR scanning data},
  author={Javanmardi, Mohammadreza and Song, Ziqi and Qi, Xiaojun},
  journal={IET Intelligent Transport Systems},
  volume={13},
  number={5},
  pages={803--815},
  year={2019},
  publisher={Wiley Online Library}
}


% citations: 66
@article{zhang2019,
  title={Vehicle detection and tracking in complex traffic circumstances with roadside LiDAR},
  author={Zhang, Zhenyao and Zheng, Jianying and Xu, Hao and Wang, Xiang},
  journal={Transportation research record},
  volume={2673},
  number={9},
  pages={62--71},
  year={2019},
  publisher={SAGE Publications Sage CA: Los Angeles, CA}
}

% citations: 11
@inproceedings{kloeker2020,
  title={High-precision digital traffic recording with multi-lidar infrastructure sensor setups},
  author={Kloeker, Laurent and Geller, Christian and Kloeker, Amarin and Eckstein, Lutz},
  booktitle={2020 IEEE 23rd International Conference on Intelligent Transportation Systems (ITSC)},
  pages={1--8},
  year={2020},
  organization={IEEE}
}

% --- DEFINITIVELY INCLUDE --- %

% (a) high impact journals / conferences (h score > 100)
% citations: 62
@article{wen2015,
  title={Spatial-related traffic sign inspection for inventory purposes using mobile laser scanning data},
  author={Wen, Chenglu and Li, Jonathan and Luo, Huan and Yu, Yongtao and Cai, Zhipeng and Wang, Hanyun and Wang, Cheng},
  journal={IEEE Transactions on Intelligent Transportation Systems},
  volume={17},
  number={1},
  pages={27--37},
  year={2015},
  publisher={IEEE}
}

% citations: 3351
@inproceedings{chen2017mv3d,
  title={Multi-view 3d object detection network for autonomous driving},
  author={Chen, Xiaozhi and Ma, Huimin and Wan, Ji and Li, Bo and Xia, Tian},
  booktitle={Proceedings of the IEEE conference on Computer Vision and Pattern Recognition},
  pages={1907--1915},
  year={2017}
}

% citations: 15'830
@inproceedings{qi2017pointnet,
  title={Pointnet: Deep learning on point sets for 3d classification and segmentation},
  author={Qi, Charles R and Su, Hao and Mo, Kaichun and Guibas, Leonidas J},
  booktitle={Proceedings of the IEEE conference on computer vision and pattern recognition},
  pages={652--660},
  year={2017}
}

% citations: 11'507
@article{qi2017pointnet++,
  title={Pointnet++: Deep hierarchical feature learning on point sets in a metric space},
  author={Qi, Charles Ruizhongtai and Yi, Li and Su, Hao and Guibas, Leonidas J},
  journal={Advances in neural information processing systems},
  volume={30},
  year={2017}
}

% citations: 
@inproceedings{ali2018yolo3d,
  title={Yolo3d: End-to-end real-time 3d oriented object bounding box detection from lidar point cloud},
  author={Ali, Waleed and Abdelkarim, Sherif and Zidan, Mahmoud and Zahran, Mohamed and El Sallab, Ahmad},
  booktitle={Proceedings of the European conference on computer vision (ECCV) workshops},
  pages={0--0},
  year={2018}
}

% citations: 234
@article{asvadi2018multimodal,
  title={Multimodal vehicle detection: fusing 3D-LIDAR and color camera data},
  author={Asvadi, Alireza and Garrote, Luis and Premebida, Cristiano and Peixoto, Paulo and Nunes, Urbano J},
  journal={Pattern Recognition Letters},
  volume={115},
  pages={20--29},
  year={2018},
  publisher={Elsevier}
}

% citations: 1674
@inproceedings{ku2018avod,
  title={Joint 3d proposal generation and object detection from view aggregation},
  author={Ku, Jason and Mozifian, Melissa and Lee, Jungwook and Harakeh, Ali and Waslander, Steven L},
  booktitle={2018 IEEE/RSJ International Conference on Intelligent Robots and Systems (IROS)},
  pages={1--8},
  year={2018},
  organization={IEEE}
}

% citations: 739
@inproceedings{luo2018FaF,
  title={Fast and furious: Real time end-to-end 3d detection, tracking and motion forecasting with a single convolutional net},
  author={Luo, Wenjie and Yang, Bin and Urtasun, Raquel},
  booktitle={Proceedings of the IEEE conference on Computer Vision and Pattern Recognition},
  pages={3569--3577},
  year={2018}
}

% citations: 407
@inproceedings{simon2018complex-yolo,
  title={Complex-yolo: An euler-region-proposal for real-time 3d object detection on point clouds},
  author={Simon, Martin and Milzy, Stefan and Amendey, Karl and Gross, Horst-Michael},
  booktitle={Proceedings of the European conference on computer vision (ECCV) workshops},
  pages={0--0},
  year={2018}
}


% citations: 1'292
@inproceedings{yang2018pixor,
  title={Pixor: Real-time 3d object detection from point clouds},
  author={Yang, Bin and Luo, Wenjie and Urtasun, Raquel},
  booktitle={Proceedings of the IEEE conference on Computer Vision and Pattern Recognition},
  pages={7652--7660},
  year={2018}
}

@inproceedings{xu2018pointfusion,
  title={Pointfusion: Deep sensor fusion for 3d bounding box estimation},
  author={Xu, Danfei and Anguelov, Dragomir and Jain, Ashesh},
  booktitle={Proceedings of the IEEE conference on computer vision and pattern recognition},
  pages={244--253},
  year={2018}
}

% citations: 4'018
@inproceedings{zhou2018voxelnet,
  title={Voxelnet: End-to-end learning for point cloud based 3d object detection},
  author={Zhou, Yin and Tuzel, Oncel},
  booktitle={Proceedings of the IEEE conference on computer vision and pattern recognition},
  pages={4490--4499},
  year={2018}
}

% citations: 3'369
@inproceedings{lang2019point-pillars,
  title={PointPillars: Fast encoders for object detection from point clouds},
  author={Lang, Alex H and Vora, Sourabh and Caesar, Holger and Zhou, Lubing and Yang, Jiong and Beijbom, Oscar},
  booktitle={Proceedings of the IEEE/CVF conference on computer vision and pattern recognition},
  pages={12697--12705},
  year={2019}
}

% citations: 385
@inproceedings{meyer2019,
  title={Lasernet: An efficient probabilistic 3d object detector for autonomous driving},
  author={Meyer, Gregory P and Laddha, Ankit and Kee, Eric and Vallespi-Gonzalez, Carlos and Wellington, Carl K},
  booktitle={Proceedings of the IEEE/CVF conference on computer vision and pattern recognition},
  pages={12677--12686},
  year={2019}
}

@inproceedings{roth2019,
  title={Deep end-to-end 3d person detection from camera and lidar},
  author={Roth, Markus and Jargot, Dominik and Gavrila, Dariu M},
  booktitle={2019 IEEE Intelligent Transportation Systems Conference (ITSC)},
  pages={521--527},
  year={2019},
  organization={IEEE}
}

% citations: 831
@inproceedings{yang2019std,
  title={Std: Sparse-to-dense 3d object detector for point cloud},
  author={Yang, Zetong and Sun, Yanan and Liu, Shu and Shen, Xiaoyong and Jia, Jiaya},
  booktitle={Proceedings of the IEEE/CVF international conference on computer vision},
  pages={1951--1960},
  year={2019}
}


% citations: 326
@article{zhao2019,
  title={Detection and tracking of pedestrians and vehicles using roadside LiDAR sensors},
  author={Zhao, Junxuan and Xu, Hao and Liu, Hongchao and Wu, Jianqing and Zheng, Yichen and Wu, Dayong},
  journal={Transportation research part C: emerging technologies},
  volume={100},
  pages={68--87},
  year={2019},
  publisher={Elsevier}
}

% citations: 422
@inproceedings{yoo2020-3D-cvf,
  title={3d-cvf: Generating joint camera and lidar features using cross-view spatial feature fusion for 3d object detection},
  author={Yoo, Jin Hyeok and Kim, Yecheol and Kim, Jisong and Choi, Jun Won},
  booktitle={Computer Vision--ECCV 2020: 16th European Conference, Glasgow, UK, August 23--28, 2020, Proceedings, Part XXVII 16},
  pages={720--736},
  year={2020},
  organization={Springer}
}


% citations: 124
@article{zhang2020,
  title={Vehicle tracking and speed estimation from roadside lidar},
  author={Zhang, Jiaxing and Xiao, Wen and Coifman, Benjamin and Mills, Jon P},
  journal={IEEE Journal of Selected Topics in Applied Earth Observations and Remote Sensing},
  volume={13},
  pages={5597--5608},
  year={2020},
  publisher={IEEE}
}

% citations: 391
@inproceedings{zhou2020e2e,
  title={End-to-end multi-view fusion for 3d object detection in lidar point clouds},
  author={Zhou, Yin and Sun, Pei and Zhang, Yu and Anguelov, Dragomir and Gao, Jiyang and Ouyang, Tom and Guo, James and Ngiam, Jiquan and Vasudevan, Vijay},
  booktitle={Conference on Robot Learning},
  pages={923--932},
  year={2020},
  organization={PMLR}
}

% citations: 215
@inproceedings{fan2021,
  title={Rangedet: In defense of range view for lidar-based 3d object detection},
  author={Fan, Lue and Xiong, Xuan and Wang, Feng and Wang, Naiyan and Zhang, Zhaoxiang},
  booktitle={Proceedings of the IEEE/CVF international conference on computer vision},
  pages={2918--2927},
  year={2021}
}

% citations: 7
@inproceedings{liu2021bev-net,
  title={BEV-Net: A bird’s eye view object detection network for LiDAR point cloud},
  author={Liu, Meng and Niu, Jianwei},
  booktitle={2021 IEEE/RSJ International Conference on Intelligent Robots and Systems (IROS)},
  pages={5973--5980},
  year={2021},
  organization={IEEE}
}

% citations: 515
@inproceedings{zhu2021cylindrical,
  title={Cylindrical and asymmetrical 3d convolution networks for lidar segmentation},
  author={Zhu, Xinge and Zhou, Hui and Wang, Tai and Hong, Fangzhou and Ma, Yuexin and Li, Wei and Li, Hongsheng and Lin, Dahua},
  booktitle={Proceedings of the IEEE/CVF conference on computer vision and pattern recognition},
  pages={9939--9948},
  year={2021}
}


@inproceedings{cherif2023,
  title={Aerial LiDAR-based 3D Object Detection and Tracking for Traffic Monitoring},
  author={Cherif, Baya and Ghazzai, Hakim and Alsharoa, Ahmad and Besbes, Hichem and Massoud, Yehia},
  booktitle={2023 IEEE International Symposium on Circuits and Systems (ISCAS)},
  pages={1--5},
  year={2023},
  organization={IEEE}
}

% citations: 85
@inproceedings{kong2023rangeformer,
  title={Rethinking range view representation for lidar segmentation},
  author={Kong, Lingdong and Liu, Youquan and Chen, Runnan and Ma, Yuexin and Zhu, Xinge and Li, Yikang and Hou, Yuenan and Qiao, Yu and Liu, Ziwei},
  booktitle={Proceedings of the IEEE/CVF International Conference on Computer Vision},
  pages={228--240},
  year={2023}
}

@inproceedings{li2023,
  title={Cpseg: Cluster-free panoptic segmentation of 3d lidar point clouds},
  author={Li, Enxu and Razani, Ryan and Xu, Yixuan and Liu, Bingbing},
  booktitle={2023 IEEE International Conference on Robotics and Automation (ICRA)},
  pages={8239--8245},
  year={2023},
  organization={IEEE}
}


@article{zhang2023,
  title={Dynamic Object Classification of Low-Resolution Point Clouds: An LSTM-Based Ensemble Learning Approach},
  author={Zhang, Shaoming and Yao, Tangjun and Wang, Jianmei and Feng, Tiantian and Wang, Zhong},
  journal={IEEE Robotics and Automation Letters},
  year={2023},
  publisher={IEEE}
}

@inproceedings{gao2024,
  title={Leveraging Imagery Data with Spatial Point Prior for Weakly Semi-supervised 3D Object Detection},
  author={Gao, Hongzhi and Chen, Zheng and Chen, Zehui and Chen, Lin and Liu, Jiaming and Zhang, Shanghang and Zhao, Feng},
  booktitle={Proceedings of the AAAI Conference on Artificial Intelligence},
  volume={38},
  number={3},
  pages={1797--1805},
  year={2024}
}


% (b) high impact papers (citations)
% citations: 362
@inproceedings{beltran2018birdnet,
  title={Birdnet: a 3d object detection framework from lidar information},
  author={Beltr{\'a}n, Jorge and Guindel, Carlos and Moreno, Francisco Miguel and Cruzado, Daniel and Garcia, Fernando and De La Escalera, Arturo},
  booktitle={2018 21st International Conference on Intelligent Transportation Systems (ITSC)},
  pages={3517--3523},
  year={2018},
  organization={IEEE}
}

% citations: 219
@inproceedings{shin2019roarnet,
  title={Roarnet: A robust 3d object detection based on region approximation refinement},
  author={Shin, Kiwoo and Kwon, Youngwook Paul and Tomizuka, Masayoshi},
  booktitle={2019 IEEE intelligent vehicles symposium (IV)},
  pages={2510--2515},
  year={2019},
  organization={IEEE}
}


% (c) legacy / recency and / or uniqueness
@inproceedings{maturana2015voxnet,
  title={Voxnet: A 3d convolutional neural network for real-time object recognition},
  author={Maturana, Daniel and Scherer, Sebastian},
  booktitle={2015 IEEE/RSJ international conference on intelligent robots and systems (IROS)},
  pages={922--928},
  year={2015},
  organization={IEEE}
}

@inproceedings{zovathi2019,
  title={Multi-Object Detection in Urban Scenes Utilizing 3D Background Maps and Tracking},
  author={Zov{\'a}thi, Ork{\'e}ny and Kov{\'a}cs, L{\'o}r{\'a}nt and Nagy, Bal{\'a}zs and Benedek, Csaba},
  booktitle={2019 International Conference on Control, Artificial Intelligence, Robotics \& Optimization (ICCAIRO)},
  pages={231--236},
  year={2019},
  organization={IEEE}
}

@inproceedings{buerkle2023,
  title={HistoGrid: Robust LiDAR-Based Traffic Monitoring},
  author={Buerkle, Cornelius and Oboril, Fabian and Zayed, Omar and Scholl, Kay-Ulrich},
  booktitle={2023 IEEE 26th International Conference on Intelligent Transportation Systems (ITSC)},
  pages={209--214},
  year={2023},
  organization={IEEE}
}

@article{cao2024scorepillar,
  title={ScorePillar: A Real-Time Small Object Detection Method Based On Pillar Scoring Of Lidar Measurement},
  author={Cao, Zonghan and Wang, Ting and Sun, Ping and Cao, Fengkui and Shao, Shiliang and Wang, Shaocong},
  journal={IEEE Transactions on Instrumentation and Measurement},
  year={2024},
  publisher={IEEE}
}

@article{wang2024,
  title={Reinforcement Learning Based Markov Edge Decoupled Fusion Network for Fusion Classification of Hyperspectral and LiDAR},
  author={Wang, Haoyu and Cheng, Yuhu and Liu, Xiaomin and Wang, Xuesong},
  journal={IEEE Transactions on Multimedia},
  year={2024},
  publisher={IEEE}
}